@Article{Continual_Learning,
author = {Matthias De Lange, Rahaf Aljundi, Marc Masana, Sarah Parisot, Xu Jia,
Ales Leonardis, Gregory Slabaugh, Tinne Tuytelaars},

title = {A continual learning survey:
Defying forgetting in classification tasks},

journal = {arXiv preprint arXiv:1909.08383},

year = {2020},
}


@Article{stability/plasticity,
author = {German I. Parisi 
, Ronald Kemker 
, Jose L. Part 
, Christopher Kanan 
, Stefan Wermter 
},

title = {Continual lifelong learning with neural networks: A review},

journal = {Journal of the International Neural Network Society},

year = {2019},
}

@misc{Cifar,
  author = {Alex Krizhevsky},
  title = {The CIFAR-10 Dataset},
  year = {2009},
  howpublished = "\url{https://www.cs.toronto.edu/~kriz/cifar.html}",
  urldate = {2020-03-11}
}

@book{DeepLearningPython,
title={Deep Learning with Python},
author={Francois Chollet},
publisher={Manning Publications},
year={2017}
}


@misc{pytorch,
  author = {PyTorch},
  title = {TORCHVISION},
  year = {2019},
  howpublished ="\url{https://pytorch.org/docs/stable/torchvision/index.html}",
  urldate = {2019-20-10}
}


@misc{pytorch_datasets,
  author = {PyTorch},
  title = {TORCHVISION.DATASETS},
  year = {2019},howpublished=
  "\url{https://pytorch.org/docs/stable/torchvision/datasets.html}",
  urldate = {2019-20-10}
}


@misc{pytorch_optim,
  author = {PyTorch},
  title = {TORCH.OPTIM},
  year = {2019},
  howpublished="\url{https://pytorch.org/docs/stable/torchvision/datasets.html}",
  urldate = {2019-20-10}
}


@Article{Task_Recency_Bias,
author = {Marc Masana, Xialei Liu, Bart≈Çomiej Twardowski, Mikel Menta, Andrew D. Bagdanov, Joost van de Weijer},

title = {Class-incremental learning:
survey and performance evaluation},

journal = {arXiv preprint arXiv:2010.15277},

year = {2020},
}
